<record><leader>00000cas a22000007a 4500</leader><controlfield tag="001">12892749</controlfield><controlfield tag="008">851211d18111812nyuwr ne      0    0eng d</controlfield><datafield ind1=" " ind2=" " tag="010"><subfield code="a">sn 85027016 </subfield></datafield><datafield ind1=" " ind2=" " tag="040"><subfield code="a">NPX</subfield><subfield code="b">eng</subfield><subfield code="c">NPX</subfield><subfield code="d">NYS</subfield><subfield code="d">MGN</subfield><subfield code="d">OCL</subfield><subfield code="d">OCLCQ</subfield><subfield code="d">OCLCF</subfield><subfield code="d">OCLCO</subfield></datafield><datafield ind1=" " ind2=" " tag="042"><subfield code="a">msc</subfield></datafield><datafield ind1=" " ind2=" " tag="043"><subfield code="a">n-us-ny</subfield></datafield><datafield ind1="0" ind2=" " tag="130"><subfield code="a">Saratoga advertiser (Ballston Spa, N.Y. : 1811)</subfield></datafield><datafield ind1="1" ind2="4" tag="245"><subfield code="a">The Saratoga advertiser.</subfield></datafield><datafield ind1=" " ind2=" " tag="260"><subfield code="a">Ballston Spa, N.Y. :</subfield><subfield code="b">Printed by J. Miller for S. Brown,</subfield><subfield code="c">-1812.</subfield></datafield><datafield ind1=" " ind2=" " tag="300"><subfield code="a">v.</subfield></datafield><datafield ind1=" " ind2=" " tag="310"><subfield code="a">Weekly</subfield></datafield><datafield ind1="1" ind2=" " tag="362"><subfield code="a">Began Nov. 5, 1811.</subfield></datafield><datafield ind1="0" ind2=" " tag="362"><subfield code="a">-v. 8, no. 22 (Mar. 31, 1812).</subfield></datafield><datafield ind1=" " ind2=" " tag="500"><subfield code="a">Publisher: S. Brown, 1812.</subfield></datafield><datafield ind1=" " ind2=" " tag="588"><subfield code="a">Description based on: Vol. 8, no. 2 (Nov. 12, 1811).</subfield></datafield><datafield ind1=" " ind2="0" tag="651"><subfield code="a">Ballston Spa (N.Y.)</subfield><subfield code="v">Newspapers.</subfield></datafield><datafield ind1=" " ind2="7" tag="655"><subfield code="a">Newspapers.</subfield><subfield code="2">fast</subfield><subfield code="0">(OCoLC)fst01423814</subfield></datafield><datafield ind1=" " ind2="7" tag="651"><subfield code="a">New York (State)</subfield><subfield code="z">Ballston Spa.</subfield><subfield code="2">fast</subfield><subfield code="0">(OCoLC)fst01220520</subfield></datafield><datafield ind1=" " ind2=" " tag="752"><subfield code="a">United States</subfield><subfield code="b">New York</subfield><subfield code="c">Saratoga</subfield><subfield code="d">Ballston Spa.</subfield></datafield><datafield ind1="0" ind2="0" tag="780"><subfield code="t">Advertiser (Ballston Spa, N.Y.)</subfield><subfield code="w">(DLC)sn 85027018</subfield></datafield></record>